@article{brito2016nonlinear,
  title={Nonlinear Hebbian learning as a unifying principle in receptive field formation},
  author={Brito, Carlos SN and Gerstner, Wulfram},
  journal={PLoS computational biology},
  volume={12},
  number={9},
  pages={e1005070},
  year={2016},
  publisher={Public Library of Science San Francisco, CA USA}
}

@article{eichhorn2009natural,
  title={Natural image coding in V1: how much use is orientation selectivity?},
  author={Eichhorn, Jan and Sinz, Fabian and Bethge, Matthias},
  journal={PLoS computational biology},
  volume={5},
  number={4},
  pages={e1000336},
  year={2009},
  publisher={Public Library of Science San Francisco, USA}
}

@article{saxe2011modeling,
  title={Modeling cortical representational plasticity with unsupervised feature learning},
  author={Saxe, A and Bhand, Maneesh and Mudur, Ritvik and Suresh, Bipin and Ng, A},
  journal={Poster presented at COSYNE},
  pages={24--27},
  year={2011}
}

@article{zylberberg2011sparse,
  title={A sparse coding model with synaptically local plasticity and spiking neurons can account for the diverse shapes of V1 simple cell receptive fields},
  author={Zylberberg, Joel and Murphy, Jason Timothy and DeWeese, Michael Robert},
  journal={PLoS computational biology},
  volume={7},
  number={10},
  pages={e1002250},
  year={2011},
  publisher={Public Library of Science San Francisco, USA}
}

@article{ingrosso2022data,
  title={Data-driven emergence of convolutional structure in neural networks},
  author={Ingrosso, Alessandro and Goldt, Sebastian},
  journal={Proceedings of the National Academy of Sciences},
  volume={119},
  number={40},
  pages={e2201854119},
  year={2022},
  publisher={National Acad Sciences}
}

@inproceedings{pellegrini2022neural,
  title={Neural network pruning denoises the features and makes local connectivity emerge in visual tasks},
  author={Pellegrini, Franco and Biroli, Giulio},
  booktitle={International Conference on Machine Learning},
  pages={17601--17626},
  year={2022},
  organization={PMLR}
}
@inproceedings{redman2023sparsity,
  title={Sparsity Enhances Non-Gaussian Data Statistics During Local Receptive Field Formation},
  author={Redman, William T and Wang, Zhangyang and Ingrosso, Alessandro and Goldt, Sebastian},
  booktitle={Conference on Parsimony and Learning (Recent Spotlight Track)},
  year={2023}
}

@article{olshausen1996emergence,
  title={Emergence of simple-cell receptive field properties by learning a sparse code for natural images},
  author={Olshausen, Bruno A and Field, David J},
  journal={Nature},
  volume={381},
  number={6583},
  pages={607--609},
  year={1996},
  publisher={Nature Publishing Group UK London}
}

@article{harsh2020place,
  title={‘Place-cell’emergence and learning of invariant data with restricted Boltzmann machines: breaking and dynamical restoration of continuous symmetries in the weight space},
  author={Harsh, Moshir and Tubiana, J{\'e}r{\^o}me and Cocco, Simona and Monasson, Remi},
  journal={Journal of Physics A: Mathematical and Theoretical},
  volume={53},
  number={17},
  pages={174002},
  year={2020},
  publisher={IOP Publishing}
}

@article{gardner1988space,
  title={The space of interactions in neural network models},
  author={Gardner, Elizabeth},
  journal={Journal of physics A: Mathematical and general},
  volume={21},
  number={1},
  pages={257},
  year={1988},
  publisher={IOP Publishing}
}